<?xml version="1.0" encoding="UTF-8"?><collection xmlns="http://www.loc.gov/MARC21/slim"><record><leader>00392nam--2200133-i-4500</leader><controlfield tag="001">000028719</controlfield><controlfield tag="002">20161230</controlfield><controlfield tag="005">20161230201037</controlfield><controlfield tag="008">060222s1000------------r-----000-0-eng-d</controlfield><datafield ind1=" " ind2=" " tag="080"><subfield code="a">530.145(061.3)</subfield></datafield><datafield ind1=" " ind2=" " tag="245"><subfield code="a">The lesson of quantum theory. niels bohr centenary symposium oct.3-7, 1985</subfield></datafield><datafield ind1=" " ind2=" " tag="260"><subfield code="a">Amsterdam, Borth-holland Physics Publ., 1985, 383p</subfield></datafield><datafield ind1=" " ind2=" " tag="700"><subfield code="a">Boer, Jorrit De</subfield></datafield><datafield ind1=" " ind2=" " tag="852"><subfield code="a">78893</subfield></datafield></record></collection>